@inproceedings{Mechtaev15,
  author    = {Sergey Mechtaev and Jooyong Yi and Abhik Roychoudhury},
  title     = {{DirectFix}: {Looking} for Simple Program Repairs},
  booktitle = {ICSE}, 
  year      = {2015},
}

@inproceedings{nopol,
 author = {DeMarco, Favio and Xuan, Jifeng and Le Berre, Daniel and Monperrus, Martin},
 title = {Automatic Repair of Buggy if Conditions and Missing Preconditions with SMT},
 booktitle = {CSTVA}, 
 year = {2014},
} 

@inproceedings{Qi15,
 author = {Zichao Qi and Fan Long and Sara Achour and Martin Rinard},
 title = {An Analysis of Patch Plausibility and Correctness for Generate-and-validate Patch Generation Systems},
 booktitle = {ISSTA}, 
 year = {2015},
 isbn = {978-1-4503-3620-8},
 pages = {24--36},
 doi = {10.1145/2771783.2771791},
} 

@inproceedings{Barr14fse,
  author = {Earl T. Barr and Yuriy Brun and Premkumar Devanbu and Mark Harman and Federica Sarro},
  title = {The Plastic Surgery Hypothesis},
  booktitle = {FSE},
  venue = {FSE},
  year = {2014},
  date = {16--22},
	pages = {306--317},

}
@inproceedings{Qi13, 
  author={Yuhua Qi and Xiaoguang Mao and Yan Lei}, 
  booktitle={International Conference on Software Maintenance (ICSM)}, 
  title={Efficient Automated Program Repair through Fault-Recorded Testing Prioritization}, 
  year={2013}, 
  month=sep, 
  pages={180--189}, 
}

@inproceedings{Weimer13,
  title = {Leveraging Program Equivalence for Adaptive Program Repair: {Models} and First Results},
  author = {Westley Weimer and Zachary P. Fry and Stephanie Forrest},
	booktitle = {IEEE/ACM International Conference on Automated Software Engineering (ASE)},
  address = {Palo Alto, CA, USA},
  year = {2013}
}

@inproceedings{dyer2013,
  author = {Dyer, Robert and Nguyen, Hoan Anh and Rajan, Hridesh and Nguyen, Tien N.},
  title = {Boa: A Language and Infrastructure for Analyzing Ultra-Large-Scale Software Repositories},
  booktitle = {ICSE},
  year = {2013},
  pages = {422--431},
}

@inproceedings{zhong2015,
  author    = {Hao Zhong and
               Zhendong Su},
  title     = {An Empirical Study on Real Bug Fixes},
  booktitle = {ICSE} ,
  pages     = {913--923},
  year      = {2015},
}

@article{pan2009,
  title={Toward an understanding of bug fix patterns},
  author={Pan, Kai and Kim, Sunghun and Whitehead Jr, E James},
  journal={Empirical Software Engineering},
  volume={14},
  number={3},
  pages={286--315},
  year={2009},
  publisher={Springer}
}
	
@inproceedings{kim2013,
  title={Automatic patch generation learned from human-written patches},
  author={Kim, Dongsun and Nam, Jaechang and Song, Jaewoo and Kim, Sunghun},
  booktitle={ICSE}, 
  pages={802--811},
  year={2013},
}
	
@inproceedings{fry2010,
  title={A human study of fault localization accuracy},
  author={Fry, Zachary P and Weimer, Westley},
  booktitle={Software Maintenance (ICSM), 2010 IEEE International Conference on},
  pages={1--10},
  year={2010},
  organization={IEEE}
}

@article{legoues2012,
  title={Genprog: A generic method for automatic software repair},
  author={Le Goues, Claire and Nguyen, ThanhVu and Forrest, Stephanie and Weimer, Westley},
  journal={IEEE Transactions on Software Engineering},
  volume={38},
  number={1},
  pages={54--72},
  year={2012},
  publisher={IEEE}
}

@inproceedings{weimer2009,
  title={Automatically finding patches using genetic programming},
  author={Weimer, Westley and Nguyen, ThanhVu and Le Goues, Claire and Forrest, Stephanie},
  booktitle={Proceedings of the 31st International Conference on Software Engineering},
  pages={364--374},
  year={2009},
  organization={IEEE Computer Society}
}

@inproceedings{Long2016,
 author = {Long, Fan and Rinard, Martin},
 title = {Automatic Patch Generation by Learning Correct Code},
 booktitle = {POPL},
 year = {2016},
 numpages = {15},
}

@article{Martinez:2015ez,
author = {Martinez, Matias and Monperrus, Martin},
title = {{Mining software repair models for reasoning on the search space of automated program fixing.}},
journal = {Empirical Software Engineering},
year = {2015},
volume = {20},
number = {1},
pages = {176--205},
publisher = {Springer US},
doi = {10.1007/s10664-013-9282-8},
url = {http://dx.doi.org/10.1007/s10664-013-9282-8},
}

@article{Asaduzzaman:2013df,
author = {Asaduzzaman, Muhammad and Roy, Chanchal K and Schneider, Kevin A and Di Penta, Massimiliano},
title = {{LHDiff: A Language-Independent Hybrid Approach for Tracking Source Code Lines.}},
journal = {ICSM},
year = {2013},
pages = {230--239},
doi = {10.1109/ICSM.2013.34},
url = {http://dx.doi.org/10.1109/ICSM.2013.34},
}

@article{robert,
author = {Robert Dyer et al.},
title = {Boa: A Language and Infrastructure for Analyzing Ultra-Large-Scale Software Repositories},
journal = {35th International Conference on Software Engineering},
year = {2013}
}

@inproceedings{hao,
author = {Hao, Zhong and Zhendong, Su},
title = {An Empirical Study on Real Bug Fixes},
journal = {35th International Conference on Software Engineering},
year = {2015}
}

@article{kai,
author = {Kai Pan et al.},
title = {Towards an understanding of bug fix patterns},
journal = {Empirical Software Engineering},
year = {2009} 
}

@proceedings{dongsun,
author = {Dongsun Kim and others},
title = {Automatic patch generation learned from human-written patches},
journal = {International Conference on Software Engineering},
year = {2013}
}

@proceedings{zach,
author = {Zachary, P.Fry and Westley, Weimer},
title = {A human study of fault localization accuracy},
journal = {IEEE International Conference on Software Maintenance},
year  = {2010}
}

@article{claire,
author = {Claire, Le Goues and ThanhVu, Nguyen and Stephanie, Forrest and Westley, Weimer},
title = {GenProg: A Generic Method for Automated Software Repair.},
journal = {IEEE Trans. Software Engineering},
year={2012}
} 

@article{weimer,
author={Westley, Weimer and ThanVu, Nguyen and Claire, Le Goues and Stephanie, Forrest},
title={Automatically Finding Patches Using Genetic Programming.},
journal={International Conference on Software Engineering (ICSE)},
year={2009}
}

@article{soto,
author={Soto, Mauricio and others},
title={A Deeper Look into Bug Fixes: Patterns, Replacements, Deletions, and Additions},
journal={Mining Software Repositories Challenge Track},
year={2016}
}